<?xml version="1.0" encoding="UTF-8"?><collection xmlns="http://www.loc.gov/MARC21/slim"><record><leader>00409nam--2200145-i-4500</leader><controlfield tag="001">000013705</controlfield><controlfield tag="002">20161230</controlfield><controlfield tag="005">20161230201030</controlfield><controlfield tag="008">060222s1000------------r-----000-0-eng-d</controlfield><datafield ind1=" " ind2=" " tag="080"><subfield code="a">515.145.253</subfield></datafield><datafield ind1=" " ind2=" " tag="245"><subfield code="a">Advances in twistor theory</subfield></datafield><datafield ind1=" " ind2=" " tag="260"><subfield code="a">San Francisco, Pitman Advanced Publishing Program, 1979. 335p</subfield></datafield><datafield ind1=" " ind2=" " tag="490"><subfield code="a">Research Notes In Mathematics</subfield></datafield><datafield ind1=" " ind2=" " tag="700"><subfield code="a">Hughston, L.P. &amp; Ward, R.S</subfield></datafield><datafield ind1=" " ind2=" " tag="852"><subfield code="a">49165</subfield></datafield></record></collection>